@Manual{Allaire2020,
    title = {rticles: Article Formats for R Markdown},
    author = {JJ Allaire and Yihui Xie and {R Foundation} and Hadley Wickham and {Journal of Statistical Software} and Ramnath  Vaidyanathan and {Association for Computing Machinery} and Carl Boettiger and {Elsevier} and Karl Broman and Kirill Mueller and Bastiaan Quast and Randall  Pruim and Ben Marwick and Charlotte Wickham and Oliver Keyes and Miao Yu and Daniel Emaasit and Thierry Onkelinx and Alessandro Gasparini and Marc-Andre Desautels and Dominik Leutnant and {MDPI} and {Taylor and Francis} and Oguzhan Ögreden and Dalton Hance and Daniel Nüst and Petter Uvesten and Elio Campitelli and John Muschelli and Zhian N. Kamvar and Noam Ross and Robrecht Cannoodt and Duncan Luguern and David M. Kaplan},
    year = {2020},
    note = {R package version 0.14},
    url = {https://CRAN.R-project.org/package=rticles},
  }
  
@Manual{Angulo2020spsur,
    title = {spsur: Spatial Seemingly Unrelated Regression Models},
    author = {Ana Angulo and Fernando A Lopez and Roman Minguez and Jesus Mur},
    year = {2020},
    note = {R package version 1.0.1.3},
    url = {http://github.com/rominsal/spsur},
  }
  
@article{Araujo2020spread,
   author = {Araujo, Miguel B and Naimi, Babak},
   title = {Spread of SARS-CoV-2 Coronavirus likely to be constrained by climate},
   journal = {medRxiv},
   year = {2020},
   type = {Journal Article}
}

@Manual{Arnold2019,
    title = {ggthemes: Extra Themes, Scales and Geoms for 'ggplot2'},
    author = {Jeffrey B. Arnold},
    year = {2019},
    note = {R package version 4.2.0},
    url = {https://CRAN.R-project.org/package=ggthemes},
  }
  
@Manual{Auguie2017gridextra,
    title = {gridExtra: Miscellaneous Functions for "Grid" Graphics},
    author = {Baptiste Auguie},
    year = {2017},
    note = {R package version 2.3},
    url = {https://CRAN.R-project.org/package=gridExtra},
  }


@article{Bariotakis2020climatic,
   author = {Bariotakis, Michail and Sourvinos, George and Castanas, Elias and Pirintsos, Stergios A},
   title = {Climatic influences on the worldwide spread of SARS-CoV-2},
   journal = {medRxiv},
   year = {2020},
   type = {Journal Article}
}

@Book{Bivand2013,
    author = {Roger S. Bivand and Edzer Pebesma and Virgilio Gomez-Rubio},
    title = {Applied spatial data analysis with {R}, Second edition},
    year = {2013},
    publisher = {Springer, NY},
    url = {http://www.asdar-book.org/},
  }

@article{Casanova2010effects,
   author = {Casanova, Lisa M and Jeon, Soyoung and Rutala, William A and Weber, David J and Sobsey, Mark D},
   title = {Effects of air temperature and relative humidity on coronavirus survival on surfaces},
   journal = {Appl. Environ. Microbiol.},
   volume = {76},
   number = {9},
   pages = {2712-2717},
   ISSN = {0099-2240},
   year = {2010},
   type = {Journal Article}
}

@article{Chan2011effects,
   author = {Chan, KH and Peiris, JS and Lam, SY and Poon, LLM and Yuen, KY and Seto, WH},
   title = {The effects of temperature and relative humidity on the viability of the SARS coronavirus},
   journal = {Advances in virology},
   volume = {2011},
   ISSN = {1687-8639},
   year = {2011},
   type = {Journal Article}
}

@article{Chipperfield2020inadequacy,
   author = {Chipperfield, Joseph D and Benito, Blas M and O'Hara, Robert B and Telford, Richard J and Carlson, Colin J},
   title = {On the inadequacy of species distribution models for modelling the spread of SARS-CoV-2: response to Araújo and Naimi},
   year = {2020},
   type = {Journal Article}
}

@article{Coelho2020exponential,
   author = {Coelho, Marco Tulio Pacheco and Rodrigues, Joao Fabricio Mota and Medina, Anderson Matos and Scalco, Paulo and Terribile, Levi Carina and Vilela, Bruno and Diniz-Filho, Jose Alexandre Felizola and Dobrovolski, Ricardo},
   title = {Exponential phase of covid19 expansion is not driven by climate at global scale},
   journal = {medRxiv},
   year = {2020},
   type = {Journal Article}
}

@article{deangel2020weathering,
   author = {de Ángel Solá, David E and Wang, Leyao and Vázquez, Marietta and Lázaro, Pablo A Méndez},
   title = {Weathering the pandemic: How the Caribbean Basin can use viral and environmental patterns to predict, prepare and respond to COVID‐19},
   journal = {Journal of Medical Virology},
   ISSN = {1096-9071},
   year = {2020},
   type = {Journal Article}
}

@article{Fernandes2020economic,
   author = {Fernandes, Nuno},
   title = {Economic effects of coronavirus outbreak (COVID-19) on the world economy},
   journal = {Available at SSRN 3557504},
   year = {2020},
   type = {Journal Article}
}

@article{Gong2020balance,
   author = {Gong, Binlei and Zhang, Shurui and Yuan, Lingran and Chen, Kevin Z},
   title = {A balance act: minimizing economic loss while controlling novel coronavirus pneumonia},
   journal = {Journal of Chinese Governance},
   pages = {1-20},
   ISSN = {2381-2346},
   year = {2020},
   type = {Journal Article}
}

@Article{Grolemund2011dates,
    title = {Dates and Times Made Easy with {lubridate}},
    author = {Garrett Grolemund and Hadley Wickham},
    journal = {Journal of Statistical Software},
    year = {2011},
    volume = {40},
    number = {3},
    pages = {1--25},
    url = {http://www.jstatsoft.org/v40/i03/},
  }

@article{Harbert2020spatial,
   author = {Harbert, Robert S and Cunningham, Seth W and Tessler, Michael},
   title = {Spatial modeling cannot currently differentiate SARS-CoV-2 coronavirus and human distributions on the basis of climate in the United States},
   journal = {medRxiv},
   year = {2020},
   type = {Journal Article}
}

@article{Jaakkola2014decline,
   author = {Jaakkola, Kari and Saukkoriipi, Annika and Jokelainen, Jari and Juvonen, Raija and Kauppila, Jaana and Vainio, Olli and Ziegler, Thedi and Rönkkö, Esa and Jaakkola, Jouni JK and Ikäheimo, Tiina M},
   title = {Decline in temperature and humidity increases the occurrence of influenza in cold climate},
   journal = {Environmental Health},
   volume = {13},
   number = {1},
   pages = {22},
   ISSN = {1476-069X},
   year = {2014},
   type = {Journal Article}
}

@article{Kissler2020projecting,
   author = {Kissler, Stephen M. and Tedijanto, Christine and Goldstein, Edward and Grad, Yonatan H. and Lipsitch, Marc},
   title = {Projecting the transmission dynamics of SARS-CoV-2 through the postpandemic period},
   journal = {Science},
   pages = {eabb5793},
   DOI = {10.1126/science.abb5793},
   url = {https://science.sciencemag.org/content/sci/early/2020/04/14/science.abb5793.full.pdf},
   year = {2020},
   type = {Journal Article}
}



@article{Kudo2019low,
   author = {Kudo, Eriko and Song, Eric and Yockey, Laura J and Rakib, Tasfia and Wong, Patrick W and Homer, Robert J and Iwasaki, Akiko},
   title = {Low ambient humidity impairs barrier function and innate resistance against influenza infection},
   journal = {Proceedings of the National Academy of Sciences},
   volume = {116},
   number = {22},
   pages = {10905-10910},
   ISSN = {0027-8424},
   year = {2019},
   type = {Journal Article}
}

@article{Lancastle2020impact,
   author = {Lancastle, Neil M},
   title = {Is the impact of social distancing on coronavirus growth rates effective across different settings? A non-parametric and local regression approach to test and compare the growth rate},
   journal = {medRxiv},
   year = {2020},
   type = {Journal Article}
}

@article{Luo2020how,
   author = {Luo, Shaowen and Tsang, Kwok Ping},
   title = {How Much of China and World GDP Has The Coronavirus Reduced?},
   journal = {Available at SSRN 3543760},
   year = {2020},
   type = {Journal Article}
}



@article{Makinen2009cold,
   author = {Mäkainen, Tiina M and Juvonen, Raija and Jokelainen, Jari and Harju, Terttu H and Peitso, Ari and Bloigu, Aini and Silvennoinen-Kassinen, Sylvi and Leinonen, Maija and Hassi, Juhani},
   title = {Cold temperature and low humidity are associated with increased occurrence of respiratory tract infections},
   journal = {Respiratory medicine},
   volume = {103},
   number = {3},
   pages = {456-462},
   ISSN = {0954-6111},
   year = {2009},
   type = {Journal Article}
}

@Article{Millo2017robust,
    title = {Robust Standard Error Estimators for Panel Models: A Unifying Approach},
    author = {Giovanni Millo},
    journal = {Journal of Statistical Software},
    year = {2017},
    volume = {82},
    number = {3},
    pages = {1--27},
    doi = {10.18637/jss.v082.i03},
  }

@book{National2020rapid,
   author = {{National Academies of Sciences, Engineering and Medicine}},
   title = {Rapid Expert Consultation on SARS-CoV-2 Survival in Relation to Temperature and Humidity and Potential for Seasonality for the COVID-19 Pandemic (April 7, 2020)},
   publisher = {The National Academies Press},
   address = {Washington, DC},
   pages = {8},
   DOI = {doi:10.17226/25771},
   url = {https://www.nap.edu/catalog/25771/rapid-expert-consultation-on-sars-cov-2-survival-in-relation-to-temperature-and-humidity-and-potential-for-seasonality-for-the-covid-19-pandemic-april-7-2020},
   year = {2020},
   type = {Book}
}

@article{Notari2020,
   author = {Notari, Alessio},
   title = {Temperature dependence of COVID-19 transmission},
   journal = {arXiv preprint arXiv:2003.12417},
   year = {2020},
   type = {Journal Article}
}

@Article{Pebesma2016,
    title = {Measurement Units in {R}},
    author = {Edzer Pebesma and Thomas Mailund and James Hiebert},
    year = {2016},
    journal = {R Journal},
    doi = {10.32614/RJ-2016-061},
    pages = {486--494},
    volume = {8},
    number = {2},
  }

@Article{Pebesma2018,
    author = {Edzer Pebesma},
    title = {{Simple Features for R: Standardized Support for Spatial Vector Data}},
    year = {2018},
    journal = {{The R Journal}},
    doi = {10.32614/RJ-2018-009},
    url = {https://doi.org/10.32614/RJ-2018-009},
    pages = {439--446},
    volume = {10},
    number = {1},
  }

@article{Wang2020high,
   author = {Wang, Jingyuan and Tang, Ke and Feng, Kai and Lv, Weifeng},
   title = {High temperature and high humidity reduce the transmission of covid-19},
   journal = {Available at SSRN 3551767},
   year = {2020},
   type = {Journal Article}
}

@Article{Wickham2019,
    title = {Welcome to the {tidyverse}},
    author = {Hadley Wickham and Mara Averick and Jennifer Bryan and Winston Chang and Lucy D'Agostino McGowan and Romain François and Garrett Grolemund and Alex Hayes and Lionel Henry and Jim Hester and Max Kuhn and Thomas Lin Pedersen and Evan Miller and Stephan Milton Bache and Kirill Müller and Jeroen Ooms and David Robinson and Dana Paige Seidel and Vitalie Spinu and Kohske Takahashi and Davis Vaughan and Claus Wilke and Kara Woo and Hiroaki Yutani},
    year = {2019},
    journal = {Journal of Open Source Software},
    volume = {4},
    number = {43},
    pages = {1686},
    doi = {10.21105/joss.01686},
  }

@InCollection{Xie2014,
    booktitle = {Implementing Reproducible Computational Research},
    editor = {Victoria Stodden and Friedrich Leisch and Roger D. Peng},
    title = {knitr: A Comprehensive Tool for Reproducible Research in {R}},
    author = {Yihui Xie},
    publisher = {Chapman and Hall/CRC},
    year = {2014},
    note = {ISBN 978-1466561595},
    url = {http://www.crcpress.com/product/isbn/9781466561595},
  }

@Book{Xie2015,
    title = {Dynamic Documents with {R} and knitr},
    author = {Yihui Xie},
    publisher = {Chapman and Hall/CRC},
    address = {Boca Raton, Florida},
    year = {2015},
    edition = {2nd},
    note = {ISBN 978-1498716963},
    url = {https://yihui.org/knitr/},
  }

@Manual{Zhu2019,
    title = {kableExtra: Construct Complex Table with 'kable' and Pipe Syntax},
    author = {Hao Zhu},
    year = {2019},
    note = {R package version 1.1.0},
    url = {https://CRAN.R-project.org/package=kableExtra},
}